%% This BibTeX bibliography file was created using BibDesk.
%% http://bibdesk.sourceforge.net/


%% Created for Andreas Reufer at 2007-02-19 05:20:07 +0100 


%% Saved with string encoding Western (ISO Latin 1) 



@article{1995ICIAMNeunzert,
	Author = {{Neunzert}, H. and {Klar}, A. and {Struckmeier}, J.},
	Date-Added = {2007-02-11 11:42:02 +0100},
	Date-Modified = {2007-02-11 11:46:39 +0100},
	Journal = {{ICIAM}},
	Title = {{Particle Methods: Theory and Applications}},
	Year = {1995}}

@unpublished{WengenTestsWebpage,
	Author = {{Mayer}, L. and {Moore}, B. and {Stadel}, S.},
	Date-Added = {2007-01-31 01:24:08 +0100},
	Date-Modified = {2007-02-19 02:20:57 +0100},
	Note = {http://krone.physik.unizh.ch/~moore/wengen/tests.html},
	Title = {Frontiers in Computational Astrophysics},
	Urldate = {http://krone.physik.unizh.ch/~moore/wengen/tests.html}}

@book{1999Toro,
	Author = {{Toro}, E.~F.},
	Date-Added = {2007-01-15 17:21:48 +0100},
	Date-Modified = {2007-02-11 11:46:39 +0100},
	Publisher = {Springer},
	Title = {Riemann Solvers and Numerical Methods for Fluid Dynamics},
	Year = {1999}}

@article{1928Mathematische-AnnnalenCourant,
	Author = {{Courant}, R and {Friedrichs}, K and {Lewy}, H.},
	Date-Added = {2007-01-11 09:52:11 +0100},
	Date-Modified = {2007-02-11 11:46:39 +0100},
	Journal = {{M}athematische {A}nnnalen},
	Title = {{\"U}ber die partiellen {D}ifferentialgleichungen der mathematischen {P}hysik},
	Volume = {100},
	Year = {1928}}

@phdthesis{2004Nyffeler,
	Author = {{Nyffeler}, B.},
	Date-Added = {2007-01-09 15:42:06 +0100},
	Date-Modified = {2007-02-11 11:46:39 +0100},
	School = {Universit{\"a}t Bern},
	Title = {{Modelling of Impacts in the Solar System on a Beowulf Cluster}},
	Year = {200x}}

@misc{2006BenzLectNotes,
	Author = {Willy Benz},
	Date-Added = {2007-01-09 13:42:59 +0100},
	Date-Modified = {2007-02-11 11:46:39 +0100},
	Howpublished = {lecture notes},
	Keywords = {planetary formation, disks},
	School = {Universit{\"a}t Bern},
	Title = {The formation of planetary systems},
	Year = {2006}}

@misc{2006Speith,
	Author = {Roland Speith},
	Date-Added = {2007-01-09 11:19:08 +0100},
	Date-Modified = {2007-02-11 11:46:39 +0100},
	School = {Universit{\"a}t T{\"u}bingen},
	Title = {Improvements of the numerical method Smoothed Particle Hydrodynamics},
	Year = {2006}}

@article{1995JCoPh.121..357B,
	Adsnote = {Provided by the Smithsonian/NASA Astrophysics Data System},
	Adsurl = {http://adsabs.harvard.edu/cgi-bin/nph-bib_query?bibcode=1995JCoPh.121..357B&db_key=AST},
	Author = {{Balsara}, D.~S.},
	Date-Modified = {2007-02-19 05:12:32 +0100},
	Journal = {Journal of Computational Physics},
	Pages = {357-372},
	Title = {{von Neumann stability analysis of Smooth Particle Hydrodynamics--suggestions for optimal algorithms}},
	Volume = 121,
	Year = 1995}

@article{1987A&A...176..235A,
	Adsnote = {Provided by the Smithsonian/NASA Astrophysics Data System},
	Adsurl = {http://adsabs.harvard.edu/cgi-bin/nph-bib_query?bibcode=1987A%26A...176..235A&db_key=AST},
	Author = {{Anzer}, U. and {Boerner}, G. and {Monaghan}, J.~J.},
	Date-Modified = {2007-02-11 11:46:39 +0100},
	Journal = {\aap},
	Month = apr,
	Pages = {235-244},
	Title = {{Numerical studies of wind accretion}},
	Volume = 176,
	Year = 1987}

@article{2006RPPh...69..119P,
	Adsnote = {Provided by the Smithsonian/NASA Astrophysics Data System},
	Adsurl = {http://adsabs.harvard.edu/cgi-bin/nph-bib_query?bibcode=2006RPPh...69..119P&db_key=AST},
	Author = {{Papaloizou}, J.~C.~B. and {Terquem}, C.},
	Date-Modified = {2007-02-11 11:46:39 +0100},
	Eprint = {astro-ph/0510487},
	Journal = {Reports of Progress in Physics},
	Pages = {119-+},
	Title = {{Planet formation and migration.}},
	Volume = 69,
	Year = 2006}

@article{1998ApJ...502..342N,
	Adsnote = {Provided by the Smithsonian/NASA Astrophysics Data System},
	Adsurl = {http://adsabs.harvard.edu/cgi-bin/nph-bib_query?bibcode=1998ApJ...502..342N&db_key=AST},
	Author = {{Nelson}, A.~F. and {Benz}, W. and {Adams}, F.~C. and {Arnett}, D.},
	Date-Modified = {2007-02-11 11:46:39 +0100},
	Doi = {10.1086/305869},
	Eprint = {astro-ph/9802191},
	Journal = {\apj},
	Month = jul,
	Pages = {342-+},
	Title = {{Dynamics of Circumstellar Disks}},
	Volume = 502,
	Year = 1998}

@article{2000ApJ...529..357N,
	Adsnote = {Provided by the Smithsonian/NASA Astrophysics Data System},
	Adsurl = {http://adsabs.harvard.edu/cgi-bin/nph-bib_query?bibcode=2000ApJ...529..357N&db_key=AST},
	Author = {{Nelson}, A.~F. and {Benz}, W. and {Ruzmaikina}, T.~V.},
	Date-Modified = {2007-02-11 11:46:39 +0100},
	Doi = {10.1086/308238},
	Eprint = {astro-ph/9908146},
	Journal = {\apj},
	Month = jan,
	Pages = {357-390},
	Title = {{Dynamics of Circumstellar Disks. II. Heating and Cooling}},
	Volume = 529,
	Year = 2000}

@article{1992ARA&A..30..543M,
	Adsnote = {Provided by the Smithsonian/NASA Astrophysics Data System},
	Adsurl = {http://adsabs.harvard.edu/cgi-bin/nph-bib_query?bibcode=1992ARA%26A..30..543M&db_key=AST},
	Author = {{Monaghan}, J.~J.},
	Date-Modified = {2007-02-11 11:46:39 +0100},
	Doi = {10.1146/annurev.aa.30.090192.002551},
	Journal = {\araa},
	Pages = {543-574},
	Title = {{Smoothed particle hydrodynamics}},
	Volume = 30,
	Year = 1992}

@article{1989ApJS...70..419H,
	Adsnote = {Provided by the Smithsonian/NASA Astrophysics Data System},
	Adsurl = {http://adsabs.harvard.edu/cgi-bin/nph-bib_query?bibcode=1989ApJS...70..419H&db_key=AST},
	Author = {{Hernquist}, L. and {Katz}, N.},
	Date-Modified = {2007-02-11 11:46:39 +0100},
	Doi = {10.1086/191344},
	Journal = {\apjs},
	Month = jun,
	Pages = {419-446},
	Title = {{TREESPH - A unification of SPH with the hierarchical tree method}},
	Volume = 70,
	Year = 1989}

@article{2000PThPS.138..609R,
	Adsnote = {Provided by the Smithsonian/NASA Astrophysics Data System},
	Adsurl = {http://adsabs.harvard.edu/cgi-bin/nph-bib_query?bibcode=2000PThPS.138..609R&db_key=PHY},
	Author = {{Rasio}, F.~A.},
	Date-Modified = {2007-02-11 11:46:39 +0100},
	Eprint = {astro-ph/9911360},
	Journal = {Progress of Theoretical Physics Supplement},
	Pages = {609-621},
	Title = {{Particle Methods in Astrophysical Fluid Dynamics}},
	Volume = 138,
	Year = 2000}

@inproceedings{1993prpl.conf..749L,
	Adsnote = {Provided by the Smithsonian/NASA Astrophysics Data System},
	Adsurl = {http://adsabs.harvard.edu/cgi-bin/nph-bib_query?bibcode=1993prpl.conf..749L&db_key=AST},
	Author = {{Lin}, D.~N.~C. and {Papaloizou}, J.~C.~B.},
	Booktitle = {Protostars and Planets III},
	Date-Modified = {2007-02-11 11:46:39 +0100},
	Editor = {{Levy}, E.~H. and {Lunine}, J.~I.},
	Pages = {749-835},
	Title = {{On the tidal interaction between protostellar disks and companions}},
	Year = 1993}

@book{1987gady.book.....B,
	Adsnote = {Provided by the Smithsonian/NASA Astrophysics Data System},
	Adsurl = {http://adsabs.harvard.edu/cgi-bin/nph-bib_query?bibcode=1987gady.book.....B&db_key=AST},
	Author = {{Binney}, J. and {Tremaine}, S.},
	Date-Modified = {2007-02-11 11:46:39 +0100},
	Publisher = {Princeton, NJ, Princeton University Press, 1987, 747 p.},
	Title = {{Galactic dynamics}},
	Year = 1987}

@book{2002nrc..book.....P,
	Adsnote = {Provided by the Smithsonian/NASA Astrophysics Data System},
	Adsurl = {http://adsabs.harvard.edu/cgi-bin/nph-bib_query?bibcode=2002nrc..book.....P&db_key=AST},
	Author = {{Press}, W.~H.},
	Date-Modified = {2007-02-19 05:14:13 +0100},
	Publisher = {ISBN : 0521750334},
	Title = {{Numerical recipes in C++ : The Art of Scientific Computing}},
	Year = 2002}

@inproceedings{1993prpl.conf..721A,
	Adsnote = {Provided by the Smithsonian/NASA Astrophysics Data System},
	Adsurl = {http://adsabs.harvard.edu/cgi-bin/nph-bib_query?bibcode=1993prpl.conf..721A&db_key=AST},
	Author = {{Adams}, F.~C. and {Lin}, D.~N.~C.},
	Booktitle = {Protostars and Planets III},
	Date-Modified = {2007-02-11 11:46:39 +0100},
	Editor = {{Levy}, E.~H. and {Lunine}, J.~I.},
	Pages = {721-748},
	Title = {{Transport processes and the evolution of disks}},
	Year = 1993}

@article{1992PASJ...44..553F,
	Adsnote = {Provided by the Smithsonian/NASA Astrophysics Data System},
	Adsurl = {http://adsabs.harvard.edu/cgi-bin/nph-bib_query?bibcode=1992PASJ...44..553F&db_key=AST},
	Author = {{Fukue}, J. and {Sakamoto}, C.},
	Date-Modified = {2007-02-11 11:46:39 +0100},
	Journal = {\pasj},
	Month = oct,
	Pages = {553-556},
	Title = {{Vertical structures of self-gravitating gaseous disks around a central object}},
	Volume = 44,
	Year = 1992}

@article{2006MNRAS.365..199M,
	Adsnote = {Provided by the Smithsonian/NASA Astrophysics Data System},
	Adsurl = {http://adsabs.harvard.edu/cgi-bin/nph-bib_query?bibcode=2006MNRAS.365..199M&db_key=AST},
	Author = {{Monaghan}, J.~J.},
	Date-Modified = {2007-02-11 11:46:39 +0100},
	Doi = {10.1111/j.1365-2966.2005.09704.x},
	Journal = {\mnras},
	Month = jan,
	Pages = {199-213},
	Title = {{Smoothed particle hydrodynamic simulations of shear flow}},
	Volume = 365,
	Year = 2006}

@article{1999MNRAS.303..696K,
	Adsnote = {Provided by the Smithsonian/NASA Astrophysics Data System},
	Adsurl = {http://adsabs.harvard.edu/cgi-bin/nph-bib_query?bibcode=1999MNRAS.303..696K&db_key=AST},
	Author = {{Kley}, W.},
	Date-Modified = {2007-02-11 11:46:39 +0100},
	Eprint = {astro-ph/9809253},
	Journal = {\mnras},
	Month = mar,
	Pages = {696-710},
	Title = {{Mass flow and accretion through gaps in accretion discs}},
	Volume = 303,
	Year = 1999}

@article{2006A&A...447..369K,
	Adsnote = {Provided by the Smithsonian/NASA Astrophysics Data System},
	Adsurl = {http://adsabs.harvard.edu/cgi-bin/nph-bib_query?bibcode=2006A%26A...447..369K&db_key=AST},
	Author = {{Kley}, W. and {Dirksen}, G.},
	Date-Modified = {2007-02-11 11:46:39 +0100},
	Doi = {10.1051/0004-6361:20053914},
	Eprint = {astro-ph/0510393},
	Journal = {\aap},
	Month = feb,
	Pages = {369-377},
	Title = {{Disk eccentricity and embedded planets}},
	Volume = 447,
	Year = 2006}

@article{1999ApJ...514..344B,
	Adsnote = {Provided by the Smithsonian/NASA Astrophysics Data System},
	Adsurl = {http://adsabs.harvard.edu/cgi-bin/nph-bib_query?bibcode=1999ApJ...514..344B&db_key=AST},
	Author = {{Bryden}, G. and {Chen}, X. and {Lin}, D.~N.~C. and {Nelson}, R.~P. and {Papaloizou}, J.~C.~B.},
	Date-Modified = {2007-02-11 11:46:39 +0100},
	Doi = {10.1086/306917},
	Journal = {\apj},
	Month = mar,
	Pages = {344-367},
	Title = {{Tidally Induced Gap Formation in Protostellar Disks: Gap Clearing and Suppression of Protoplanetary Growth}},
	Volume = 514,
	Year = 1999}

@article{2003ApJ...589..556N,
	Adsnote = {Provided by the Smithsonian/NASA Astrophysics Data System},
	Adsurl = {http://adsabs.harvard.edu/cgi-bin/nph-bib_query?bibcode=2003ApJ...589..556N&db_key=AST},
	Author = {{Nelson}, A.~F. and {Benz}, W.},
	Date-Modified = {2007-02-11 11:46:39 +0100},
	Doi = {10.1086/374545},
	Eprint = {astro-ph/0301619},
	Journal = {\apj},
	Month = may,
	Pages = {556-577},
	Title = {{On the Early Evolution of Forming Jovian Planets. I. Initial Conditions, Systematics, and Qualitative Comparisons to Theory}},
	Volume = 589,
	Year = 2003}

@article{2003ApJ...589..578N,
	Adsnote = {Provided by the Smithsonian/NASA Astrophysics Data System},
	Adsurl = {http://adsabs.harvard.edu/cgi-bin/nph-bib_query?bibcode=2003ApJ...589..578N&db_key=AST},
	Author = {{Nelson}, A.~F. and {Benz}, W.},
	Date-Modified = {2007-02-11 11:46:39 +0100},
	Doi = {10.1086/374546},
	Eprint = {astro-ph/0301620},
	Journal = {\apj},
	Month = may,
	Pages = {578-604},
	Title = {{On the Early Evolution of Forming Jovian Planets. II. Analysis of Accretion and Gravitational Torques}},
	Volume = 589,
	Year = 2003}

@article{1997JCoPh.136..298M,
	Adsnote = {Provided by the Smithsonian/NASA Astrophysics Data System},
	Adsurl = {http://adsabs.harvard.edu/cgi-bin/nph-bib_query?bibcode=1997JCoPh.136..298M&db_key=PHY},
	Author = {{Monaghan}, J.~J.},
	Date-Modified = {2007-02-11 11:46:39 +0100},
	Journal = {Journal of Computational Physics},
	Month = sep,
	Pages = {298-307},
	Title = {{SPH and Riemann Solvers}},
	Volume = 136,
	Year = 1997}

@article{1977MNRAS.181..375G,
	Adsnote = {Provided by the Smithsonian/NASA Astrophysics Data System},
	Adsurl = {http://adsabs.harvard.edu/cgi-bin/nph-bib_query?bibcode=1977MNRAS.181..375G&db_key=AST},
	Author = {{Gingold}, R.~A. and {Monaghan}, J.~J.},
	Date-Modified = {2007-02-19 05:13:06 +0100},
	Journal = {\mnras},
	Month = nov,
	Pages = {375-389},
	Title = {{Smoothed Particle Hydrodynamics - Theory and application to non-spherical stars}},
	Volume = 181,
	Year = 1977}

@article{1985A&A...149..135M,
	Adsnote = {Provided by the Smithsonian/NASA Astrophysics Data System},
	Adsurl = {http://adsabs.harvard.edu/cgi-bin/nph-bib_query?bibcode=1985A%26A...149..135M&db_key=AST},
	Author = {{Monaghan}, J.~J. and {Lattanzio}, J.~C.},
	Date-Modified = {2007-02-11 11:46:39 +0100},
	Journal = {\aap},
	Month = aug,
	Pages = {135-143},
	Title = {{A refined particle method for astrophysical problems}},
	Volume = 149,
	Year = 1985}

@article{1989JCoPh..82....1M,
	Adsnote = {Provided by the Smithsonian/NASA Astrophysics Data System},
	Adsurl = {http://adsabs.harvard.edu/cgi-bin/nph-bib_query?bibcode=1989JCoPh..82....1M&db_key=PHY},
	Author = {{Monaghan}, J.~J.},
	Date-Modified = {2007-02-11 11:46:39 +0100},
	Journal = {Journal of Computational Physics},
	Month = may,
	Pages = {1-15},
	Title = {{On the problem of penetration in particle methods}},
	Volume = 82,
	Year = 1989}

@article{2006astro.ph..4295N,
	Adsnote = {Provided by the Smithsonian/NASA Astrophysics Data System},
	Adsurl = {http://adsabs.harvard.edu/cgi-bin/nph-bib_query?bibcode=2006astro.ph..4295N&db_key=PRE},
	Author = {{Nakasato}, N. and {Hamada}, T. and {Fukushige}, T.},
	Date-Modified = {2007-02-11 11:46:39 +0100},
	Eprint = {astro-ph/0604295},
	Journal = {ArXiv Astrophysics e-prints},
	Month = apr,
	Title = {{SPH Simulations with Reconfigurable Hardware Accelerator}},
	Year = 2006}

@article{1985MNRAS.215..125L,
	Adsnote = {Provided by the Smithsonian/NASA Astrophysics Data System},
	Adsurl = {http://adsabs.harvard.edu/cgi-bin/nph-bib_query?bibcode=1985MNRAS.215..125L&db_key=AST},
	Author = {{Lattanzio}, J.~C. and {Monaghan}, J.~J. and {Pongracic}, H. and {Schwarz}, M.~P.},
	Date-Modified = {2007-02-11 11:46:39 +0100},
	Journal = {\mnras},
	Month = jul,
	Pages = {125-+},
	Title = {{Interstellar Cloud Collisions}},
	Volume = 215,
	Year = 1985}

@article{1994MmSAI..65.1013H,
	Adsnote = {Provided by the Smithsonian/NASA Astrophysics Data System},
	Adsurl = {http://adsabs.harvard.edu/cgi-bin/nph-bib_query?bibcode=1994MmSAI..65.1013H&db_key=AST},
	Author = {{Herant}, M.},
	Date-Modified = {2007-02-11 11:46:39 +0100},
	Journal = {Memorie della Societa Astronomica Italiana},
	Pages = {1013-+},
	Title = {{Dirty Tricks for SPH (Invited paper)}},
	Volume = 65,
	Year = 1994}

@article{1981ARA&A..19..137P,
	Adsnote = {Provided by the Smithsonian/NASA Astrophysics Data System},
	Adsurl = {http://adsabs.harvard.edu/cgi-bin/nph-bib_query?bibcode=1981ARA%26A..19..137P&db_key=AST},
	Author = {{Pringle}, J.~E.},
	Date-Modified = {2007-02-11 11:46:39 +0100},
	Doi = {10.1146/annurev.aa.19.090181.001033},
	Journal = {\araa},
	Pages = {137-162},
	Title = {{Accretion discs in astrophysics}},
	Volume = 19,
	Year = 1981}

@article{2006MNRAS.370..529D,
	Adsnote = {Provided by the Smithsonian/NASA Astrophysics Data System},
	Adsurl = {http://adsabs.harvard.edu/cgi-bin/nph-bib_query?bibcode=2006MNRAS.370..529D&db_key=AST},
	Author = {{de Val-Borro}, M. and {Edgar}, R.~G. and {Artymowicz}, P. and {Ciecielag}, P. and {Cresswell}, P. and {D'Angelo}, G. and {Delgado-Donate}, E.~J. and {Dirksen}, G. and {Fromang}, S. and {Gawryszczak}, A. and {Klahr}, H. and {Kley}, W. and {Lyra}, W. and {Masset}, F. and {Mellema}, G. and {Nelson}, R.~P. and {Paardekooper}, S.-J. and {Peplinski}, A. and {Pierens}, A. and {Plewa}, T. and {Rice}, K. and {Sch{\"a}fer}, C. and {Speith}, R.},
	Date-Modified = {2007-02-11 11:46:39 +0100},
	Doi = {10.1111/j.1365-2966.2006.10488.x},
	Eprint = {astro-ph/0605237},
	Journal = {\mnras},
	Month = aug,
	Pages = {529-558},
	Title = {{A comparative study of disc-planet interaction}},
	Volume = 370,
	Year = 2006}

@article{1995CoPhC..87..253B,
	Adsnote = {Provided by the Smithsonian/NASA Astrophysics Data System},
	Adsurl = {http://adsabs.harvard.edu/cgi-bin/nph-bib_query?bibcode=1995CoPhC..87..253B&db_key=PHY},
	Author = {{Benz}, W. and {Asphaug}, E.},
	Date-Modified = {2007-02-11 11:46:39 +0100},
	Doi = {10.1016/0010-4655(94)00176-3},
	Journal = {Computer Physics Communications},
	Month = may,
	Pages = {253-265},
	Title = {{Simulations of brittle solids using smooth particle hydrodynamics}},
	Volume = 87,
	Year = 1995}

@article{2004MaCom..73.1023A,
	Adsnote = {Provided by the Smithsonian/NASA Astrophysics Data System},
	Adsurl = {http://adsabs.harvard.edu/cgi-bin/nph-bib_query?bibcode=2004MaCom..73.1023A&db_key=PHY},
	Author = {{Atkin}, A.~O.~L. and {Bernstein}, D.~J.},
	Date-Modified = {2007-02-11 11:46:39 +0100},
	Journal = {Mathematics of Computation},
	Pages = {1023-1030},
	Title = {{Prime sieves using binary quadratic forms}},
	Volume = 73,
	Year = 2004}

@article{1993PhRvL..71.3401B,
	Adsnote = {Provided by the Smithsonian/NASA Astrophysics Data System},
	Adsurl = {http://adsabs.harvard.edu/cgi-bin/nph-bib_query?bibcode=1993PhRvL..71.3401B&db_key=AST},
	Author = {{Bird}, D.~J. and {Corbat{\'o}}, S.~C. and {Dai}, H.~Y. and {Dawson}, B.~R. and {Elbert}, J.~W. and {Gaisser}, T.~K. and {Green}, K.~D. and {Huang}, M.~A. and {Kieda}, D.~B. and {Ko}, S. and {Larsen}, C.~G. and {Loh}, E.~C. and {Luo}, M. and {Salamon}, M.~H. and {Smith}, D. and {Sokolsky}, P. and {Sommers}, P. and {Stanev}, T. and {Tang}, J.~K. and {Thomas}, S.~B. and {Tilav}, S.},
	Date-Modified = {2007-02-11 11:46:39 +0100},
	Journal = {Physical Review Letters},
	Month = nov,
	Pages = {3401-3404},
	Title = {{Evidence for correlated changes in the spectrum and composition of cosmic rays at extremely high energies}},
	Volume = 71,
	Year = 1993}

@article{2006astro.ph..6497R,
	Adsnote = {Provided by the Smithsonian/NASA Astrophysics Data System},
	Adsurl = {http://adsabs.harvard.edu/cgi-bin/nph-bib_query?bibcode=2006astro.ph..6497R&db_key=PRE},
	Author = {{Retter}, A. and {Zhang}, B. and {Siess}, L. and {Levinson}, A. and {Marom}, A.},
	Date-Modified = {2007-02-11 11:46:39 +0100},
	Eprint = {astro-ph/0606497},
	Journal = {ArXiv Astrophysics e-prints},
	Month = jun,
	Title = {{The Planets-Capture Model of V838 Monocerotis}},
	Year = 2006}

@article{2003MNRAS.345L..25R,
	Adsnote = {Provided by the Smithsonian/NASA Astrophysics Data System},
	Adsurl = {http://adsabs.harvard.edu/cgi-bin/nph-bib_query?bibcode=2003MNRAS.345L..25R&db_key=AST},
	Author = {{Retter}, A. and {Marom}, A.},
	Date-Modified = {2007-02-11 11:46:39 +0100},
	Doi = {10.1046/j.1365-8711.2003.07190.x},
	Eprint = {astro-ph/0309341},
	Journal = {\mnras},
	Month = oct,
	Pages = {L25-L28},
	Title = {{A model of an expanding giant that swallowed planets for the eruption of V838 Monocerotis}},
	Volume = 345,
	Year = 2003}

@article{2006ApJ...648L.109C,
	Adsnote = {Provided by the Smithsonian/NASA Astrophysics Data System},
	Adsurl = {http://adsabs.harvard.edu/cgi-bin/nph-bib_query?bibcode=2006ApJ...648L.109C&db_key=AST},
	Author = {{Clowe}, D. and {Brada{\v c}}, M. and {Gonzalez}, A.~H. and {Markevitch}, M. and {Randall}, S.~W. and {Jones}, C. and {Zaritsky}, D.},
	Date-Modified = {2007-02-11 11:46:39 +0100},
	Doi = {10.1086/508162},
	Eprint = {astro-ph/0608407},
	Journal = {\apjl},
	Month = sep,
	Pages = {L109-L113},
	Title = {{A Direct Empirical Proof of the Existence of Dark Matter}},
	Volume = 648,
	Year = 2006}

@article{1992PASP..104..769A,
	Adsnote = {Provided by the Smithsonian/NASA Astrophysics Data System},
	Adsurl = {http://adsabs.harvard.edu/cgi-bin/nph-bib_query?bibcode=1992PASP..104..769A&db_key=AST},
	Author = {{Artymowicz}, P.},
	Date-Modified = {2007-02-11 11:46:39 +0100},
	Journal = {\pasp},
	Month = sep,
	Pages = {769-774},
	Title = {{Dynamics of binary and planetary-system interaction with disks - Eccentricity changes}},
	Volume = 104,
	Year = 1992}

@article{1992PASP..104..769A,
	Adsnote = {Provided by the Smithsonian/NASA Astrophysics Data System},
	Adsurl = {http://adsabs.harvard.edu/cgi-bin/nph-bib_query?bibcode=1992PASP..104..769A&db_key=AST},
	Author = {{Artymowicz}, P.},
	Date-Modified = {2007-02-11 11:46:39 +0100},
	Journal = {\pasp},
	Month = sep,
	Pages = {769-774},
	Title = {{Dynamics of binary and planetary-system interaction with disks - Eccentricity changes}},
	Volume = 104,
	Year = 1992}

@article{2004NewA....9..137W,
	Adsnote = {Provided by the Smithsonian/NASA Astrophysics Data System},
	Adsurl = {http://adsabs.harvard.edu/cgi-bin/nph-bib_query?bibcode=2004NewA....9..137W&db_key=AST},
	Author = {{Wadsley}, J.~W. and {Stadel}, J. and {Quinn}, T.},
	Date-Modified = {2007-02-11 11:46:39 +0100},
	Doi = {10.1016/j.newast.2003.08.004},
	Eprint = {astro-ph/0303521},
	Journal = {New Astronomy},
	Month = feb,
	Pages = {137-158},
	Title = {{Gasoline: a flexible, parallel implementation of TreeSPH}},
	Volume = 9,
	Year = 2004}

@article{1997J.-Comput.-Phys.Morris,
	Address = {San Diego, CA, USA},
	Author = {J. P. Morris and J. J. Monaghan},
	Date-Modified = {2007-02-19 05:16:30 +0100},
	Doi = {http://dx.doi.org/10.1006/jcph.1997.5690},
	Issn = {0021-9991},
	Journal = {J. Comput. Phys.},
	Number = {1},
	Pages = {41--50},
	Publisher = {Academic Press Professional, Inc.},
	Title = {{A switch to reduce SPH viscosity}},
	Volume = {136},
	Year = {1997}}

@proceedings{2005LNP...683.....D,
	Adsnote = {Provided by the Smithsonian/NASA Astrophysics Data System},
	Adsurl = {http://adsabs.harvard.edu/cgi-bin/nph-bib_query?bibcode=2005LNP...683.....D&db_key=AST},
	Booktitle = {LNP Vol. 683: Chaos and Stability in Planetary Systems},
	Editor = {{Dvorak}, R. and {Freistetter}, F. and {Kurths}, J.},
	Title = {{Chaos and Stability in Planetary Systems}},
	Year = 2005}

@article{1993ARA&A..31..129L,
	Adsnote = {Provided by the Smithsonian/NASA Astrophysics Data System},
	Adsurl = {http://adsabs.harvard.edu/cgi-bin/nph-bib_query?bibcode=1993ARA%26A..31..129L&db_key=AST},
	Author = {{Lissauer}, J.~J.},
	Doi = {10.1146/annurev.aa.31.090193.001021},
	Journal = {\araa},
	Pages = {129-174},
	Title = {{Planet formation}},
	Volume = 31,
	Year = 1993}

@proceedings{2006expl.conf.....Q,
	Adsnote = {Provided by the Smithsonian/NASA Astrophysics Data System},
	Adsurl = {http://adsabs.harvard.edu/cgi-bin/nph-bib_query?bibcode=2006expl.conf.....Q&db_key=AST},
	Booktitle = {Saas-Fee Advanced Course 31: Extrasolar planets},
	Editor = {{Queloz}, D. and {Udry}, S. and {Mayor}, M. and {Benz}, W. and {Cassen}, P. and {Guillot}, T. and {Quirrenbach}, A.},
	Title = {{Extrasolar planets}},
	Year = 2006}

@article{1991ApJ...381..259L,
	Adsnote = {Provided by the Smithsonian/NASA Astrophysics Data System},
	Adsurl = {http://adsabs.harvard.edu/cgi-bin/nph-bib_query?bibcode=1991ApJ...381..259L&db_key=AST},
	Author = {{Lubow}, S.~H.},
	Doi = {10.1086/170647},
	Journal = {\apj},
	Month = nov,
	Pages = {259-267},
	Title = {{A model for tidally driven eccentric instabilities in fluid disks}},
	Volume = 381,
	Year = 1991}

@ARTICLE{1986Natur.324..446B,
   author = {{Barnes}, J. and {Hut}, P.},
    title = "{A Hierarchical O(NlogN) Force-Calculation Algorithm}",
  journal = {\nat},
     year = 1986,
    month = dec,
   volume = 324,
    pages = {446-449},
   adsurl = {http://adsabs.harvard.edu/abs/1986Natur.324..446B},
  adsnote = {Provided by the Smithsonian/NASA Astrophysics Data System}
}

